%YAML 1.1
%TAG !u! tag:unity3d.com,2011:
--- !u!1 &823816646470689046
GameObject:
  m_ObjectHideFlags: 0
  m_CorrespondingSourceObject: {fileID: 0}
  m_PrefabInstance: {fileID: 0}
  m_PrefabAsset: {fileID: 0}
  serializedVersion: 6
  m_Component:
  - component: {fileID: 823816646470689049}
  m_Layer: 0
  m_Name: Tasks
  m_TagString: Untagged
  m_Icon: {fileID: 0}
  m_NavMeshLayer: 0
  m_StaticEditorFlags: 0
  m_IsActive: 1
--- !u!4 &823816646470689049
Transform:
  m_ObjectHideFlags: 0
  m_CorrespondingSourceObject: {fileID: 0}
  m_PrefabInstance: {fileID: 0}
  m_PrefabAsset: {fileID: 0}
  m_GameObject: {fileID: 823816646470689046}
  m_LocalRotation: {x: 0, y: 0, z: 0, w: 1}
  m_LocalPosition: {x: 0, y: 0, z: 0}
  m_LocalScale: {x: 1, y: 1, z: 1}
  m_Children:
  - {fileID: 823816646998520118}
  - {fileID: 823816648071764973}
  m_Father: {fileID: 823816646804069088}
  m_RootOrder: 1
  m_LocalEulerAnglesHint: {x: 0, y: 0, z: 0}
--- !u!1 &823816646998520116
GameObject:
  m_ObjectHideFlags: 0
  m_CorrespondingSourceObject: {fileID: 0}
  m_PrefabInstance: {fileID: 0}
  m_PrefabAsset: {fileID: 0}
  serializedVersion: 6
  m_Component:
  - component: {fileID: 823816646998520118}
  - component: {fileID: 823816646998520119}
  m_Layer: 0
  m_Name: TaskWorking
  m_TagString: Untagged
  m_Icon: {fileID: 0}
  m_NavMeshLayer: 0
  m_StaticEditorFlags: 0
  m_IsActive: 1
--- !u!4 &823816646998520118
Transform:
  m_ObjectHideFlags: 0
  m_CorrespondingSourceObject: {fileID: 0}
  m_PrefabInstance: {fileID: 0}
  m_PrefabAsset: {fileID: 0}
  m_GameObject: {fileID: 823816646998520116}
  m_LocalRotation: {x: 0, y: 0, z: 0, w: 1}
  m_LocalPosition: {x: 0, y: 0, z: 0}
  m_LocalScale: {x: 1, y: 1, z: 1}
  m_Children: []
  m_Father: {fileID: 823816646470689049}
  m_RootOrder: 0
  m_LocalEulerAnglesHint: {x: 0, y: 0, z: 0}
--- !u!114 &823816646998520119
MonoBehaviour:
  m_ObjectHideFlags: 0
  m_CorrespondingSourceObject: {fileID: 0}
  m_PrefabInstance: {fileID: 0}
  m_PrefabAsset: {fileID: 0}
  m_GameObject: {fileID: 823816646998520116}
  m_Enabled: 1
  m_EditorHideFlags: 0
  m_Script: {fileID: 11500000, guid: 722be5e2156bfc54bb3ce3d290873917, type: 3}
  m_Name: 
  m_EditorClassIdentifier: 
  workerCtrl: {fileID: 823816647000077246}
  buildingDistance: 0
  buildDisLimit: 0.7
--- !u!1 &823816647000077247
GameObject:
  m_ObjectHideFlags: 0
  m_CorrespondingSourceObject: {fileID: 0}
  m_PrefabInstance: {fileID: 0}
  m_PrefabAsset: {fileID: 0}
  serializedVersion: 6
  m_Component:
  - component: {fileID: 823816646804069088}
  - component: {fileID: 823816647000076353}
  - component: {fileID: 823816647000077246}
  - component: {fileID: 823816647000076355}
  - component: {fileID: 823816647000076354}
  - component: {fileID: 7112582715515154991}
  - component: {fileID: 6437916420583109368}
  m_Layer: 0
  m_Name: AkaiEspiritu
  m_TagString: Untagged
  m_Icon: {fileID: 7250588514170254948, guid: 0000000000000000d000000000000000, type: 0}
  m_NavMeshLayer: 0
  m_StaticEditorFlags: 0
  m_IsActive: 1
--- !u!4 &823816646804069088
Transform:
  m_ObjectHideFlags: 0
  m_CorrespondingSourceObject: {fileID: 0}
  m_PrefabInstance: {fileID: 0}
  m_PrefabAsset: {fileID: 0}
  m_GameObject: {fileID: 823816647000077247}
  m_LocalRotation: {x: 0, y: 0.15272705, z: 0, w: 0.98826844}
  m_LocalPosition: {x: 21.2, y: 0, z: 52.048}
  m_LocalScale: {x: 1, y: 1, z: 1}
  m_Children:
  - {fileID: 7342560421331192523}
  - {fileID: 823816646470689049}
  m_Father: {fileID: 0}
  m_RootOrder: 0
  m_LocalEulerAnglesHint: {x: 0, y: 17.57, z: 0}
--- !u!195 &823816647000076353
NavMeshAgent:
  m_ObjectHideFlags: 0
  m_CorrespondingSourceObject: {fileID: 0}
  m_PrefabInstance: {fileID: 0}
  m_PrefabAsset: {fileID: 0}
  m_GameObject: {fileID: 823816647000077247}
  m_Enabled: 1
  m_AgentTypeID: 0
  m_Radius: 0.5
  m_Speed: 2
  m_Acceleration: 8
  avoidancePriority: 50
  m_AngularSpeed: 120
  m_StoppingDistance: 0
  m_AutoTraverseOffMeshLink: 1
  m_AutoBraking: 1
  m_AutoRepath: 1
  m_Height: 2
  m_BaseOffset: 0
  m_WalkableMask: 4294967295
  m_ObstacleAvoidanceType: 4
--- !u!114 &823816647000077246
MonoBehaviour:
  m_ObjectHideFlags: 0
  m_CorrespondingSourceObject: {fileID: 0}
  m_PrefabInstance: {fileID: 0}
  m_PrefabAsset: {fileID: 0}
  m_GameObject: {fileID: 823816647000077247}
  m_Enabled: 1
  m_EditorHideFlags: 0
  m_Script: {fileID: 11500000, guid: bad4bc656568bab438b4ea0397d191aa, type: 3}
  m_Name: 
  m_EditorClassIdentifier: 
  workerBuildings: {fileID: 823816647000076354}
  workerMovement: {fileID: 823816647000076355}
  workerTasks: {fileID: 7112582715515154991}
  animator: {fileID: 3676677927836324017}
  workerModel: {fileID: 7342560421331192523}
  navMeshAgent: {fileID: 823816647000076353}
  resCarrier: {fileID: 6437916420583109368}
--- !u!114 &823816647000076355
MonoBehaviour:
  m_ObjectHideFlags: 0
  m_CorrespondingSourceObject: {fileID: 0}
  m_PrefabInstance: {fileID: 0}
  m_PrefabAsset: {fileID: 0}
  m_GameObject: {fileID: 823816647000077247}
  m_Enabled: 1
  m_EditorHideFlags: 0
  m_Script: {fileID: 11500000, guid: 49b060a5c2d8c074a82f29525441fb9c, type: 3}
  m_Name: 
  m_EditorClassIdentifier: 
  workerCtrl: {fileID: 823816647000077246}
  target: {fileID: 0}
  isWalking: 0
  isWorking: 0
  workingType: 0
  walkLimit: 0.7
  targetDistance: 0
--- !u!114 &823816647000076354
MonoBehaviour:
  m_ObjectHideFlags: 0
  m_CorrespondingSourceObject: {fileID: 0}
  m_PrefabInstance: {fileID: 0}
  m_PrefabAsset: {fileID: 0}
  m_GameObject: {fileID: 823816647000077247}
  m_Enabled: 1
  m_EditorHideFlags: 0
  m_Script: {fileID: 11500000, guid: dba1b071c0082c947b67cc95ce4fcb4b, type: 3}
  m_Name: 
  m_EditorClassIdentifier: 
  workBuilding: {fileID: 0}
  homeBuilding: {fileID: 0}
  innBuildings: []
  relaxBuildings: []
--- !u!114 &7112582715515154991
MonoBehaviour:
  m_ObjectHideFlags: 0
  m_CorrespondingSourceObject: {fileID: 0}
  m_PrefabInstance: {fileID: 0}
  m_PrefabAsset: {fileID: 0}
  m_GameObject: {fileID: 823816647000077247}
  m_Enabled: 1
  m_EditorHideFlags: 0
  m_Script: {fileID: 11500000, guid: 9c921aded49f1c040b002b52dddf965b, type: 3}
  m_Name: 
  m_EditorClassIdentifier: 
  workerCtrl: {fileID: 823816647000077246}
  isNightTime: 0
  inHouse: 0
  readyForTask: 0
  taskWorking: {fileID: 823816646998520119}
  taskGoHome: {fileID: 823816648071764972}
  taskTarget: {fileID: 0}
  taskBuildingCtrl: {fileID: 0}
  tasks: 
--- !u!114 &6437916420583109368
MonoBehaviour:
  m_ObjectHideFlags: 0
  m_CorrespondingSourceObject: {fileID: 0}
  m_PrefabInstance: {fileID: 0}
  m_PrefabAsset: {fileID: 0}
  m_GameObject: {fileID: 823816647000077247}
  m_Enabled: 1
  m_EditorHideFlags: 0
  m_Script: {fileID: 11500000, guid: 5c21bc64b38b8db47bf98ba31774b227, type: 3}
  m_Name: 
  m_EditorClassIdentifier: 
  carryCount: 1
  resources: []
--- !u!1 &823816648071764970
GameObject:
  m_ObjectHideFlags: 0
  m_CorrespondingSourceObject: {fileID: 0}
  m_PrefabInstance: {fileID: 0}
  m_PrefabAsset: {fileID: 0}
  serializedVersion: 6
  m_Component:
  - component: {fileID: 823816648071764973}
  - component: {fileID: 823816648071764972}
  m_Layer: 0
  m_Name: TaskGoHome
  m_TagString: Untagged
  m_Icon: {fileID: 0}
  m_NavMeshLayer: 0
  m_StaticEditorFlags: 0
  m_IsActive: 1
--- !u!4 &823816648071764973
Transform:
  m_ObjectHideFlags: 0
  m_CorrespondingSourceObject: {fileID: 0}
  m_PrefabInstance: {fileID: 0}
  m_PrefabAsset: {fileID: 0}
  m_GameObject: {fileID: 823816648071764970}
  m_LocalRotation: {x: 0, y: 0, z: 0, w: 1}
  m_LocalPosition: {x: 0, y: 0, z: 0}
  m_LocalScale: {x: 1, y: 1, z: 1}
  m_Children: []
  m_Father: {fileID: 823816646470689049}
  m_RootOrder: 1
  m_LocalEulerAnglesHint: {x: 0, y: 0, z: 0}
--- !u!114 &823816648071764972
MonoBehaviour:
  m_ObjectHideFlags: 0
  m_CorrespondingSourceObject: {fileID: 0}
  m_PrefabInstance: {fileID: 0}
  m_PrefabAsset: {fileID: 0}
  m_GameObject: {fileID: 823816648071764970}
  m_Enabled: 1
  m_EditorHideFlags: 0
  m_Script: {fileID: 11500000, guid: 2ee4d8f7d0d30604a844dbf0cbf70030, type: 3}
  m_Name: 
  m_EditorClassIdentifier: 
  workerCtrl: {fileID: 823816647000077246}
  buildingDistance: 0
  buildDisLimit: 0.7
--- !u!1001 &5631238327396484268
PrefabInstance:
  m_ObjectHideFlags: 0
  serializedVersion: 2
  m_Modification:
    m_TransformParent: {fileID: 342363061665874765}
    m_Modifications:
    - target: {fileID: 6454499749934941597, guid: 5c266243bdd7a6a4c8d069957f6bff9f, type: 3}
      propertyPath: m_Name
      value: PP_Axe_Used_07_Iron_1
      objectReference: {fileID: 0}
    - target: {fileID: 6454499749935438269, guid: 5c266243bdd7a6a4c8d069957f6bff9f, type: 3}
      propertyPath: m_RootOrder
      value: 5
      objectReference: {fileID: 0}
    - target: {fileID: 6454499749935438269, guid: 5c266243bdd7a6a4c8d069957f6bff9f, type: 3}
      propertyPath: m_LocalPosition.x
      value: 0.217
      objectReference: {fileID: 0}
    - target: {fileID: 6454499749935438269, guid: 5c266243bdd7a6a4c8d069957f6bff9f, type: 3}
      propertyPath: m_LocalPosition.y
      value: -0.017
      objectReference: {fileID: 0}
    - target: {fileID: 6454499749935438269, guid: 5c266243bdd7a6a4c8d069957f6bff9f, type: 3}
      propertyPath: m_LocalPosition.z
      value: 0.403
      objectReference: {fileID: 0}
    - target: {fileID: 6454499749935438269, guid: 5c266243bdd7a6a4c8d069957f6bff9f, type: 3}
      propertyPath: m_LocalRotation.w
      value: 0.035466205
      objectReference: {fileID: 0}
    - target: {fileID: 6454499749935438269, guid: 5c266243bdd7a6a4c8d069957f6bff9f, type: 3}
      propertyPath: m_LocalRotation.x
      value: -0.06618527
      objectReference: {fileID: 0}
    - target: {fileID: 6454499749935438269, guid: 5c266243bdd7a6a4c8d069957f6bff9f, type: 3}
      propertyPath: m_LocalRotation.y
      value: -0.7122471
      objectReference: {fileID: 0}
    - target: {fileID: 6454499749935438269, guid: 5c266243bdd7a6a4c8d069957f6bff9f, type: 3}
      propertyPath: m_LocalRotation.z
      value: -0.697901
      objectReference: {fileID: 0}
    - target: {fileID: 6454499749935438269, guid: 5c266243bdd7a6a4c8d069957f6bff9f, type: 3}
      propertyPath: m_LocalEulerAnglesHint.x
      value: -87.253
      objectReference: {fileID: 0}
    - target: {fileID: 6454499749935438269, guid: 5c266243bdd7a6a4c8d069957f6bff9f, type: 3}
      propertyPath: m_LocalEulerAnglesHint.y
      value: -240.844
      objectReference: {fileID: 0}
    - target: {fileID: 6454499749935438269, guid: 5c266243bdd7a6a4c8d069957f6bff9f, type: 3}
      propertyPath: m_LocalEulerAnglesHint.z
      value: 69.09
      objectReference: {fileID: 0}
    m_RemovedComponents: []
  m_SourcePrefab: {fileID: 100100000, guid: 5c266243bdd7a6a4c8d069957f6bff9f, type: 3}
--- !u!1001 &7092248784888180000
PrefabInstance:
  m_ObjectHideFlags: 0
  serializedVersion: 2
  m_Modification:
    m_TransformParent: {fileID: 823816646804069088}
    m_Modifications:
    - target: {fileID: -8679921383154817045, guid: 7cf7b46471c924241912ee3e0f5c861b, type: 3}
      propertyPath: m_RootOrder
      value: 0
      objectReference: {fileID: 0}
    - target: {fileID: -8679921383154817045, guid: 7cf7b46471c924241912ee3e0f5c861b, type: 3}
      propertyPath: m_LocalPosition.x
      value: 0
      objectReference: {fileID: 0}
    - target: {fileID: -8679921383154817045, guid: 7cf7b46471c924241912ee3e0f5c861b, type: 3}
      propertyPath: m_LocalPosition.y
      value: -0.141
      objectReference: {fileID: 0}
    - target: {fileID: -8679921383154817045, guid: 7cf7b46471c924241912ee3e0f5c861b, type: 3}
      propertyPath: m_LocalPosition.z
      value: 0
      objectReference: {fileID: 0}
    - target: {fileID: -8679921383154817045, guid: 7cf7b46471c924241912ee3e0f5c861b, type: 3}
      propertyPath: m_LocalRotation.w
      value: 1
      objectReference: {fileID: 0}
    - target: {fileID: -8679921383154817045, guid: 7cf7b46471c924241912ee3e0f5c861b, type: 3}
      propertyPath: m_LocalRotation.x
      value: 0
      objectReference: {fileID: 0}
    - target: {fileID: -8679921383154817045, guid: 7cf7b46471c924241912ee3e0f5c861b, type: 3}
      propertyPath: m_LocalRotation.y
      value: 0
      objectReference: {fileID: 0}
    - target: {fileID: -8679921383154817045, guid: 7cf7b46471c924241912ee3e0f5c861b, type: 3}
      propertyPath: m_LocalRotation.z
      value: 0
      objectReference: {fileID: 0}
    - target: {fileID: -8679921383154817045, guid: 7cf7b46471c924241912ee3e0f5c861b, type: 3}
      propertyPath: m_LocalEulerAnglesHint.x
      value: 0
      objectReference: {fileID: 0}
    - target: {fileID: -8679921383154817045, guid: 7cf7b46471c924241912ee3e0f5c861b, type: 3}
      propertyPath: m_LocalEulerAnglesHint.y
      value: 0
      objectReference: {fileID: 0}
    - target: {fileID: -8679921383154817045, guid: 7cf7b46471c924241912ee3e0f5c861b, type: 3}
      propertyPath: m_LocalEulerAnglesHint.z
      value: 0
      objectReference: {fileID: 0}
    - target: {fileID: 919132149155446097, guid: 7cf7b46471c924241912ee3e0f5c861b, type: 3}
      propertyPath: m_Name
      value: akai_e_espiritu
      objectReference: {fileID: 0}
    - target: {fileID: 5866666021909216657, guid: 7cf7b46471c924241912ee3e0f5c861b, type: 3}
      propertyPath: m_Controller
      value: 
      objectReference: {fileID: 9100000, guid: e059e426352491d4dbdfdff3e5176bf6, type: 2}
    - target: {fileID: 5866666021909216657, guid: 7cf7b46471c924241912ee3e0f5c861b, type: 3}
      propertyPath: m_ApplyRootMotion
      value: 0
      objectReference: {fileID: 0}
    m_RemovedComponents: []
  m_SourcePrefab: {fileID: 100100000, guid: 7cf7b46471c924241912ee3e0f5c861b, type: 3}
--- !u!4 &7342560421331192523 stripped
Transform:
  m_CorrespondingSourceObject: {fileID: -8679921383154817045, guid: 7cf7b46471c924241912ee3e0f5c861b, type: 3}
  m_PrefabInstance: {fileID: 7092248784888180000}
  m_PrefabAsset: {fileID: 0}
--- !u!95 &3676677927836324017 stripped
Animator:
  m_CorrespondingSourceObject: {fileID: 5866666021909216657, guid: 7cf7b46471c924241912ee3e0f5c861b, type: 3}
  m_PrefabInstance: {fileID: 7092248784888180000}
  m_PrefabAsset: {fileID: 0}
--- !u!4 &342363061665874765 stripped
Transform:
  m_CorrespondingSourceObject: {fileID: -1824824446595371411, guid: 7cf7b46471c924241912ee3e0f5c861b, type: 3}
  m_PrefabInstance: {fileID: 7092248784888180000}
  m_PrefabAsset: {fileID: 0}
