%YAML 1.1
%TAG !u! tag:unity3d.com,2011:
--- !u!1 &405706141769306705
GameObject:
  m_ObjectHideFlags: 0
  m_CorrespondingSourceObject: {fileID: 0}
  m_PrefabInstance: {fileID: 0}
  m_PrefabAsset: {fileID: 0}
  serializedVersion: 6
  m_Component:
  - component: {fileID: 405706141769306704}
  m_Layer: 0
  m_Name: Buildings
  m_TagString: Untagged
  m_Icon: {fileID: 0}
  m_NavMeshLayer: 0
  m_StaticEditorFlags: 0
  m_IsActive: 1
--- !u!4 &405706141769306704
Transform:
  m_ObjectHideFlags: 0
  m_CorrespondingSourceObject: {fileID: 0}
  m_PrefabInstance: {fileID: 0}
  m_PrefabAsset: {fileID: 0}
  m_GameObject: {fileID: 405706141769306705}
  m_LocalRotation: {x: 0, y: 0, z: 0, w: 1}
  m_LocalPosition: {x: 0, y: 0, z: 0}
  m_LocalScale: {x: 1, y: 1, z: 1}
  m_Children:
  - {fileID: 1979293642246418671}
  - {fileID: 1979293642103743847}
  - {fileID: 1979293643275074480}
  - {fileID: 1979293641731619756}
  - {fileID: 297278477592871126}
  m_Father: {fileID: 405706141920207836}
  m_RootOrder: 1
  m_LocalEulerAnglesHint: {x: 0, y: 0, z: 0}
--- !u!1 &405706141920207839
GameObject:
  m_ObjectHideFlags: 0
  m_CorrespondingSourceObject: {fileID: 0}
  m_PrefabInstance: {fileID: 0}
  m_PrefabAsset: {fileID: 0}
  serializedVersion: 6
  m_Component:
  - component: {fileID: 405706141920207836}
  - component: {fileID: 405706141920207837}
  - component: {fileID: 405706141920207838}
  - component: {fileID: 405706141920207811}
  - component: {fileID: 7604185035503491756}
  - component: {fileID: 683248089}
  m_Layer: 8
  m_Name: Tree_1
  m_TagString: Untagged
  m_Icon: {fileID: 7250588514170254948, guid: 0000000000000000d000000000000000, type: 0}
  m_NavMeshLayer: 0
  m_StaticEditorFlags: 0
  m_IsActive: 1
--- !u!4 &405706141920207836
Transform:
  m_ObjectHideFlags: 0
  m_CorrespondingSourceObject: {fileID: 0}
  m_PrefabInstance: {fileID: 0}
  m_PrefabAsset: {fileID: 0}
  m_GameObject: {fileID: 405706141920207839}
  m_LocalRotation: {x: 0, y: 0, z: 0, w: 1}
  m_LocalPosition: {x: -7.25, y: 0.421, z: 16.56}
  m_LocalScale: {x: 1, y: 1, z: 1}
  m_Children:
  - {fileID: 405706142591823092}
  - {fileID: 405706141769306704}
  m_Father: {fileID: 0}
  m_RootOrder: 0
  m_LocalEulerAnglesHint: {x: 0, y: 0, z: 0}
--- !u!136 &405706141920207837
CapsuleCollider:
  m_ObjectHideFlags: 0
  m_CorrespondingSourceObject: {fileID: 0}
  m_PrefabInstance: {fileID: 0}
  m_PrefabAsset: {fileID: 0}
  m_GameObject: {fileID: 405706141920207839}
  m_Material: {fileID: 0}
  m_IsTrigger: 0
  m_Enabled: 1
  m_Radius: 1.03
  m_Height: 2.3462167
  m_Direction: 1
  m_Center: {x: 0, y: 1.29, z: 0}
--- !u!114 &405706141920207838
MonoBehaviour:
  m_ObjectHideFlags: 0
  m_CorrespondingSourceObject: {fileID: 0}
  m_PrefabInstance: {fileID: 0}
  m_PrefabAsset: {fileID: 0}
  m_GameObject: {fileID: 405706141920207839}
  m_Enabled: 1
  m_EditorHideFlags: 0
  m_Script: {fileID: 11500000, guid: 63828e01cc9f313479513ac59c2010d3, type: 3}
  m_Name: 
  m_EditorClassIdentifier: 
  isFull: 0
  resHolders:
  - {fileID: 405706142912314044}
  resCreate:
  - name: 1001
    number: 1
  resRequire: []
  canCreate: 1
  createTimer: 0
  createDelay: 60
--- !u!114 &405706141920207811
MonoBehaviour:
  m_ObjectHideFlags: 0
  m_CorrespondingSourceObject: {fileID: 0}
  m_PrefabInstance: {fileID: 0}
  m_PrefabAsset: {fileID: 0}
  m_GameObject: {fileID: 405706141920207839}
  m_Enabled: 1
  m_EditorHideFlags: 0
  m_Script: {fileID: 11500000, guid: 8de0f5bb195da1644b1791c9e6dc1589, type: 3}
  m_Name: 
  m_EditorClassIdentifier: 
  levels:
  - {fileID: 1979293642246418671}
  - {fileID: 1979293642103743847}
  - {fileID: 1979293643275074480}
  - {fileID: 1979293641731619756}
  - {fileID: 297278477592871126}
  currentLevel: 0
  isMaxLevel: 0
  tree: {fileID: 405706141920207838}
  treeTimer: 0
  treeDelay: 20
--- !u!114 &7604185035503491756
MonoBehaviour:
  m_ObjectHideFlags: 0
  m_CorrespondingSourceObject: {fileID: 0}
  m_PrefabInstance: {fileID: 0}
  m_PrefabAsset: {fileID: 0}
  m_GameObject: {fileID: 405706141920207839}
  m_Enabled: 1
  m_EditorHideFlags: 0
  m_Script: {fileID: 11500000, guid: df924acd5a1b8dd4d9f9b832ad23a609, type: 3}
  m_Name: 
  m_EditorClassIdentifier: 
  logwoodGenerator: {fileID: 405706141920207838}
  treeLevel: {fileID: 405706141920207811}
  choper: {fileID: 0}
--- !u!114 &683248089
MonoBehaviour:
  m_ObjectHideFlags: 0
  m_CorrespondingSourceObject: {fileID: 0}
  m_PrefabInstance: {fileID: 0}
  m_PrefabAsset: {fileID: 0}
  m_GameObject: {fileID: 405706141920207839}
  m_Enabled: 1
  m_EditorHideFlags: 0
  m_Script: {fileID: 11500000, guid: 1abdea9176037264ebc453a6f4964238, type: 3}
  m_Name: 
  m_EditorClassIdentifier: 
--- !u!1 &405706142591823093
GameObject:
  m_ObjectHideFlags: 0
  m_CorrespondingSourceObject: {fileID: 0}
  m_PrefabInstance: {fileID: 0}
  m_PrefabAsset: {fileID: 0}
  serializedVersion: 6
  m_Component:
  - component: {fileID: 405706142591823092}
  m_Layer: 0
  m_Name: Res
  m_TagString: Untagged
  m_Icon: {fileID: 0}
  m_NavMeshLayer: 0
  m_StaticEditorFlags: 0
  m_IsActive: 1
--- !u!4 &405706142591823092
Transform:
  m_ObjectHideFlags: 0
  m_CorrespondingSourceObject: {fileID: 0}
  m_PrefabInstance: {fileID: 0}
  m_PrefabAsset: {fileID: 0}
  m_GameObject: {fileID: 405706142591823093}
  m_LocalRotation: {x: 0, y: 0, z: 0, w: 1}
  m_LocalPosition: {x: 0, y: 0, z: 0}
  m_LocalScale: {x: 1, y: 1, z: 1}
  m_Children:
  - {fileID: 405706142912314019}
  m_Father: {fileID: 405706141920207836}
  m_RootOrder: 0
  m_LocalEulerAnglesHint: {x: 0, y: 0, z: 0}
--- !u!1 &405706142912314045
GameObject:
  m_ObjectHideFlags: 0
  m_CorrespondingSourceObject: {fileID: 0}
  m_PrefabInstance: {fileID: 0}
  m_PrefabAsset: {fileID: 0}
  serializedVersion: 6
  m_Component:
  - component: {fileID: 405706142912314019}
  - component: {fileID: 405706142912314044}
  m_Layer: 0
  m_Name: logwood
  m_TagString: Untagged
  m_Icon: {fileID: 0}
  m_NavMeshLayer: 0
  m_StaticEditorFlags: 0
  m_IsActive: 1
--- !u!4 &405706142912314019
Transform:
  m_ObjectHideFlags: 0
  m_CorrespondingSourceObject: {fileID: 0}
  m_PrefabInstance: {fileID: 0}
  m_PrefabAsset: {fileID: 0}
  m_GameObject: {fileID: 405706142912314045}
  m_LocalRotation: {x: 0, y: 0, z: 0, w: 1}
  m_LocalPosition: {x: 0, y: 0, z: 0}
  m_LocalScale: {x: 1, y: 1, z: 1}
  m_Children: []
  m_Father: {fileID: 405706142591823092}
  m_RootOrder: 0
  m_LocalEulerAnglesHint: {x: 0, y: 0, z: 0}
--- !u!114 &405706142912314044
MonoBehaviour:
  m_ObjectHideFlags: 0
  m_CorrespondingSourceObject: {fileID: 0}
  m_PrefabInstance: {fileID: 0}
  m_PrefabAsset: {fileID: 0}
  m_GameObject: {fileID: 405706142912314045}
  m_Enabled: 1
  m_EditorHideFlags: 0
  m_Script: {fileID: 11500000, guid: c3edd0456117487428cc0bb34edd2174, type: 3}
  m_Name: 
  m_EditorClassIdentifier: 
  resourceName: 1001
  resCurrent: 0
  resMax: 1
--- !u!1001 &405706141754841824
PrefabInstance:
  m_ObjectHideFlags: 0
  serializedVersion: 2
  m_Modification:
    m_TransformParent: {fileID: 405706141769306704}
    m_Modifications:
    - target: {fileID: 2222111361404534124, guid: 88f2fd29f58b9734683512546acec310, type: 3}
      propertyPath: m_Name
      value: Tree_01_4
      objectReference: {fileID: 0}
    - target: {fileID: 2222111361404534124, guid: 88f2fd29f58b9734683512546acec310, type: 3}
      propertyPath: m_IsActive
      value: 0
      objectReference: {fileID: 0}
    - target: {fileID: 2222111361405018444, guid: 88f2fd29f58b9734683512546acec310, type: 3}
      propertyPath: m_RootOrder
      value: 3
      objectReference: {fileID: 0}
    - target: {fileID: 2222111361405018444, guid: 88f2fd29f58b9734683512546acec310, type: 3}
      propertyPath: m_LocalScale.x
      value: 1.0575618
      objectReference: {fileID: 0}
    - target: {fileID: 2222111361405018444, guid: 88f2fd29f58b9734683512546acec310, type: 3}
      propertyPath: m_LocalScale.y
      value: 1.0575618
      objectReference: {fileID: 0}
    - target: {fileID: 2222111361405018444, guid: 88f2fd29f58b9734683512546acec310, type: 3}
      propertyPath: m_LocalScale.z
      value: 1.0575618
      objectReference: {fileID: 0}
    - target: {fileID: 2222111361405018444, guid: 88f2fd29f58b9734683512546acec310, type: 3}
      propertyPath: m_LocalPosition.x
      value: 0.0067071
      objectReference: {fileID: 0}
    - target: {fileID: 2222111361405018444, guid: 88f2fd29f58b9734683512546acec310, type: 3}
      propertyPath: m_LocalPosition.y
      value: -0.2
      objectReference: {fileID: 0}
    - target: {fileID: 2222111361405018444, guid: 88f2fd29f58b9734683512546acec310, type: 3}
      propertyPath: m_LocalPosition.z
      value: 0.001101
      objectReference: {fileID: 0}
    - target: {fileID: 2222111361405018444, guid: 88f2fd29f58b9734683512546acec310, type: 3}
      propertyPath: m_LocalRotation.w
      value: 0.8407949
      objectReference: {fileID: 0}
    - target: {fileID: 2222111361405018444, guid: 88f2fd29f58b9734683512546acec310, type: 3}
      propertyPath: m_LocalRotation.x
      value: -0
      objectReference: {fileID: 0}
    - target: {fileID: 2222111361405018444, guid: 88f2fd29f58b9734683512546acec310, type: 3}
      propertyPath: m_LocalRotation.y
      value: -0.54135376
      objectReference: {fileID: 0}
    - target: {fileID: 2222111361405018444, guid: 88f2fd29f58b9734683512546acec310, type: 3}
      propertyPath: m_LocalRotation.z
      value: -0
      objectReference: {fileID: 0}
    - target: {fileID: 2222111361405018444, guid: 88f2fd29f58b9734683512546acec310, type: 3}
      propertyPath: m_LocalEulerAnglesHint.x
      value: 0
      objectReference: {fileID: 0}
    - target: {fileID: 2222111361405018444, guid: 88f2fd29f58b9734683512546acec310, type: 3}
      propertyPath: m_LocalEulerAnglesHint.y
      value: -65.552
      objectReference: {fileID: 0}
    - target: {fileID: 2222111361405018444, guid: 88f2fd29f58b9734683512546acec310, type: 3}
      propertyPath: m_LocalEulerAnglesHint.z
      value: 0
      objectReference: {fileID: 0}
    m_RemovedComponents: []
  m_SourcePrefab: {fileID: 100100000, guid: 88f2fd29f58b9734683512546acec310, type: 3}
--- !u!4 &1979293641731619756 stripped
Transform:
  m_CorrespondingSourceObject: {fileID: 2222111361405018444, guid: 88f2fd29f58b9734683512546acec310, type: 3}
  m_PrefabInstance: {fileID: 405706141754841824}
  m_PrefabAsset: {fileID: 0}
--- !u!1001 &405706141783262251
PrefabInstance:
  m_ObjectHideFlags: 0
  serializedVersion: 2
  m_Modification:
    m_TransformParent: {fileID: 405706141769306704}
    m_Modifications:
    - target: {fileID: 2222111361404534124, guid: 88f2fd29f58b9734683512546acec310, type: 3}
      propertyPath: m_Name
      value: Tree_01_2
      objectReference: {fileID: 0}
    - target: {fileID: 2222111361404534124, guid: 88f2fd29f58b9734683512546acec310, type: 3}
      propertyPath: m_IsActive
      value: 0
      objectReference: {fileID: 0}
    - target: {fileID: 2222111361405018444, guid: 88f2fd29f58b9734683512546acec310, type: 3}
      propertyPath: m_RootOrder
      value: 1
      objectReference: {fileID: 0}
    - target: {fileID: 2222111361405018444, guid: 88f2fd29f58b9734683512546acec310, type: 3}
      propertyPath: m_LocalScale.x
      value: 0.4933
      objectReference: {fileID: 0}
    - target: {fileID: 2222111361405018444, guid: 88f2fd29f58b9734683512546acec310, type: 3}
      propertyPath: m_LocalScale.y
      value: 0.4933
      objectReference: {fileID: 0}
    - target: {fileID: 2222111361405018444, guid: 88f2fd29f58b9734683512546acec310, type: 3}
      propertyPath: m_LocalScale.z
      value: 0.4933
      objectReference: {fileID: 0}
    - target: {fileID: 2222111361405018444, guid: 88f2fd29f58b9734683512546acec310, type: 3}
      propertyPath: m_LocalPosition.x
      value: -0.059007
      objectReference: {fileID: 0}
    - target: {fileID: 2222111361405018444, guid: 88f2fd29f58b9734683512546acec310, type: 3}
      propertyPath: m_LocalPosition.y
      value: -0.2
      objectReference: {fileID: 0}
    - target: {fileID: 2222111361405018444, guid: 88f2fd29f58b9734683512546acec310, type: 3}
      propertyPath: m_LocalPosition.z
      value: -0.009685
      objectReference: {fileID: 0}
    - target: {fileID: 2222111361405018444, guid: 88f2fd29f58b9734683512546acec310, type: 3}
      propertyPath: m_LocalRotation.w
      value: 0.8407949
      objectReference: {fileID: 0}
    - target: {fileID: 2222111361405018444, guid: 88f2fd29f58b9734683512546acec310, type: 3}
      propertyPath: m_LocalRotation.x
      value: -0
      objectReference: {fileID: 0}
    - target: {fileID: 2222111361405018444, guid: 88f2fd29f58b9734683512546acec310, type: 3}
      propertyPath: m_LocalRotation.y
      value: -0.54135376
      objectReference: {fileID: 0}
    - target: {fileID: 2222111361405018444, guid: 88f2fd29f58b9734683512546acec310, type: 3}
      propertyPath: m_LocalRotation.z
      value: -0
      objectReference: {fileID: 0}
    - target: {fileID: 2222111361405018444, guid: 88f2fd29f58b9734683512546acec310, type: 3}
      propertyPath: m_LocalEulerAnglesHint.x
      value: 0
      objectReference: {fileID: 0}
    - target: {fileID: 2222111361405018444, guid: 88f2fd29f58b9734683512546acec310, type: 3}
      propertyPath: m_LocalEulerAnglesHint.y
      value: -65.552
      objectReference: {fileID: 0}
    - target: {fileID: 2222111361405018444, guid: 88f2fd29f58b9734683512546acec310, type: 3}
      propertyPath: m_LocalEulerAnglesHint.z
      value: 0
      objectReference: {fileID: 0}
    m_RemovedComponents: []
  m_SourcePrefab: {fileID: 100100000, guid: 88f2fd29f58b9734683512546acec310, type: 3}
--- !u!4 &1979293642103743847 stripped
Transform:
  m_CorrespondingSourceObject: {fileID: 2222111361405018444, guid: 88f2fd29f58b9734683512546acec310, type: 3}
  m_PrefabInstance: {fileID: 405706141783262251}
  m_PrefabAsset: {fileID: 0}
--- !u!1001 &405706142311682467
PrefabInstance:
  m_ObjectHideFlags: 0
  serializedVersion: 2
  m_Modification:
    m_TransformParent: {fileID: 405706141769306704}
    m_Modifications:
    - target: {fileID: 2222111361404534124, guid: 88f2fd29f58b9734683512546acec310, type: 3}
      propertyPath: m_Name
      value: Tree_01_1
      objectReference: {fileID: 0}
    - target: {fileID: 2222111361404534124, guid: 88f2fd29f58b9734683512546acec310, type: 3}
      propertyPath: m_IsActive
      value: 1
      objectReference: {fileID: 0}
    - target: {fileID: 2222111361405018444, guid: 88f2fd29f58b9734683512546acec310, type: 3}
      propertyPath: m_RootOrder
      value: 0
      objectReference: {fileID: 0}
    - target: {fileID: 2222111361405018444, guid: 88f2fd29f58b9734683512546acec310, type: 3}
      propertyPath: m_LocalScale.x
      value: 0.18940012
      objectReference: {fileID: 0}
    - target: {fileID: 2222111361405018444, guid: 88f2fd29f58b9734683512546acec310, type: 3}
      propertyPath: m_LocalScale.y
      value: 0.18940012
      objectReference: {fileID: 0}
    - target: {fileID: 2222111361405018444, guid: 88f2fd29f58b9734683512546acec310, type: 3}
      propertyPath: m_LocalScale.z
      value: 0.18940012
      objectReference: {fileID: 0}
    - target: {fileID: 2222111361405018444, guid: 88f2fd29f58b9734683512546acec310, type: 3}
      propertyPath: m_LocalPosition.x
      value: -0.094397
      objectReference: {fileID: 0}
    - target: {fileID: 2222111361405018444, guid: 88f2fd29f58b9734683512546acec310, type: 3}
      propertyPath: m_LocalPosition.y
      value: -0.2
      objectReference: {fileID: 0}
    - target: {fileID: 2222111361405018444, guid: 88f2fd29f58b9734683512546acec310, type: 3}
      propertyPath: m_LocalPosition.z
      value: -0.015494
      objectReference: {fileID: 0}
    - target: {fileID: 2222111361405018444, guid: 88f2fd29f58b9734683512546acec310, type: 3}
      propertyPath: m_LocalRotation.w
      value: 0.8407949
      objectReference: {fileID: 0}
    - target: {fileID: 2222111361405018444, guid: 88f2fd29f58b9734683512546acec310, type: 3}
      propertyPath: m_LocalRotation.x
      value: -0
      objectReference: {fileID: 0}
    - target: {fileID: 2222111361405018444, guid: 88f2fd29f58b9734683512546acec310, type: 3}
      propertyPath: m_LocalRotation.y
      value: -0.54135376
      objectReference: {fileID: 0}
    - target: {fileID: 2222111361405018444, guid: 88f2fd29f58b9734683512546acec310, type: 3}
      propertyPath: m_LocalRotation.z
      value: -0
      objectReference: {fileID: 0}
    - target: {fileID: 2222111361405018444, guid: 88f2fd29f58b9734683512546acec310, type: 3}
      propertyPath: m_LocalEulerAnglesHint.x
      value: 0
      objectReference: {fileID: 0}
    - target: {fileID: 2222111361405018444, guid: 88f2fd29f58b9734683512546acec310, type: 3}
      propertyPath: m_LocalEulerAnglesHint.y
      value: -65.552
      objectReference: {fileID: 0}
    - target: {fileID: 2222111361405018444, guid: 88f2fd29f58b9734683512546acec310, type: 3}
      propertyPath: m_LocalEulerAnglesHint.z
      value: 0
      objectReference: {fileID: 0}
    m_RemovedComponents: []
  m_SourcePrefab: {fileID: 100100000, guid: 88f2fd29f58b9734683512546acec310, type: 3}
--- !u!4 &1979293642246418671 stripped
Transform:
  m_CorrespondingSourceObject: {fileID: 2222111361405018444, guid: 88f2fd29f58b9734683512546acec310, type: 3}
  m_PrefabInstance: {fileID: 405706142311682467}
  m_PrefabAsset: {fileID: 0}
--- !u!1001 &405706142643732219
PrefabInstance:
  m_ObjectHideFlags: 0
  serializedVersion: 2
  m_Modification:
    m_TransformParent: {fileID: 405706141769306704}
    m_Modifications:
    - target: {fileID: 108507113624698413, guid: eebb56c82efbd8d4bb0eb6bd925a0e9d, type: 3}
      propertyPath: m_RootOrder
      value: 4
      objectReference: {fileID: 0}
    - target: {fileID: 108507113624698413, guid: eebb56c82efbd8d4bb0eb6bd925a0e9d, type: 3}
      propertyPath: m_LocalPosition.x
      value: 0.001
      objectReference: {fileID: 0}
    - target: {fileID: 108507113624698413, guid: eebb56c82efbd8d4bb0eb6bd925a0e9d, type: 3}
      propertyPath: m_LocalPosition.y
      value: -0.332
      objectReference: {fileID: 0}
    - target: {fileID: 108507113624698413, guid: eebb56c82efbd8d4bb0eb6bd925a0e9d, type: 3}
      propertyPath: m_LocalPosition.z
      value: 0.002
      objectReference: {fileID: 0}
    - target: {fileID: 108507113624698413, guid: eebb56c82efbd8d4bb0eb6bd925a0e9d, type: 3}
      propertyPath: m_LocalRotation.w
      value: 0.95371884
      objectReference: {fileID: 0}
    - target: {fileID: 108507113624698413, guid: eebb56c82efbd8d4bb0eb6bd925a0e9d, type: 3}
      propertyPath: m_LocalRotation.x
      value: -0.008679065
      objectReference: {fileID: 0}
    - target: {fileID: 108507113624698413, guid: eebb56c82efbd8d4bb0eb6bd925a0e9d, type: 3}
      propertyPath: m_LocalRotation.y
      value: 0.3005731
      objectReference: {fileID: 0}
    - target: {fileID: 108507113624698413, guid: eebb56c82efbd8d4bb0eb6bd925a0e9d, type: 3}
      propertyPath: m_LocalRotation.z
      value: 0.00092080596
      objectReference: {fileID: 0}
    - target: {fileID: 108507113624698413, guid: eebb56c82efbd8d4bb0eb6bd925a0e9d, type: 3}
      propertyPath: m_LocalEulerAnglesHint.x
      value: -0.98
      objectReference: {fileID: 0}
    - target: {fileID: 108507113624698413, guid: eebb56c82efbd8d4bb0eb6bd925a0e9d, type: 3}
      propertyPath: m_LocalEulerAnglesHint.y
      value: 34.987003
      objectReference: {fileID: 0}
    - target: {fileID: 108507113624698413, guid: eebb56c82efbd8d4bb0eb6bd925a0e9d, type: 3}
      propertyPath: m_LocalEulerAnglesHint.z
      value: -0.19800001
      objectReference: {fileID: 0}
    - target: {fileID: 108507113624723981, guid: eebb56c82efbd8d4bb0eb6bd925a0e9d, type: 3}
      propertyPath: m_Name
      value: Stump_01
      objectReference: {fileID: 0}
    - target: {fileID: 108507113624723981, guid: eebb56c82efbd8d4bb0eb6bd925a0e9d, type: 3}
      propertyPath: m_IsActive
      value: 0
      objectReference: {fileID: 0}
    m_RemovedComponents: []
  m_SourcePrefab: {fileID: 100100000, guid: eebb56c82efbd8d4bb0eb6bd925a0e9d, type: 3}
--- !u!4 &297278477592871126 stripped
Transform:
  m_CorrespondingSourceObject: {fileID: 108507113624698413, guid: eebb56c82efbd8d4bb0eb6bd925a0e9d, type: 3}
  m_PrefabInstance: {fileID: 405706142643732219}
  m_PrefabAsset: {fileID: 0}
--- !u!1001 &405706143298394876
PrefabInstance:
  m_ObjectHideFlags: 0
  serializedVersion: 2
  m_Modification:
    m_TransformParent: {fileID: 405706141769306704}
    m_Modifications:
    - target: {fileID: 2222111361404534124, guid: 88f2fd29f58b9734683512546acec310, type: 3}
      propertyPath: m_Name
      value: Tree_01_3
      objectReference: {fileID: 0}
    - target: {fileID: 2222111361404534124, guid: 88f2fd29f58b9734683512546acec310, type: 3}
      propertyPath: m_IsActive
      value: 0
      objectReference: {fileID: 0}
    - target: {fileID: 2222111361405018444, guid: 88f2fd29f58b9734683512546acec310, type: 3}
      propertyPath: m_RootOrder
      value: 2
      objectReference: {fileID: 0}
    - target: {fileID: 2222111361405018444, guid: 88f2fd29f58b9734683512546acec310, type: 3}
      propertyPath: m_LocalScale.x
      value: 0.64049
      objectReference: {fileID: 0}
    - target: {fileID: 2222111361405018444, guid: 88f2fd29f58b9734683512546acec310, type: 3}
      propertyPath: m_LocalScale.y
      value: 0.64049
      objectReference: {fileID: 0}
    - target: {fileID: 2222111361405018444, guid: 88f2fd29f58b9734683512546acec310, type: 3}
      propertyPath: m_LocalScale.z
      value: 0.64049
      objectReference: {fileID: 0}
    - target: {fileID: 2222111361405018444, guid: 88f2fd29f58b9734683512546acec310, type: 3}
      propertyPath: m_LocalPosition.x
      value: -0.041866
      objectReference: {fileID: 0}
    - target: {fileID: 2222111361405018444, guid: 88f2fd29f58b9734683512546acec310, type: 3}
      propertyPath: m_LocalPosition.y
      value: -0.2
      objectReference: {fileID: 0}
    - target: {fileID: 2222111361405018444, guid: 88f2fd29f58b9734683512546acec310, type: 3}
      propertyPath: m_LocalPosition.z
      value: -0.0068717
      objectReference: {fileID: 0}
    - target: {fileID: 2222111361405018444, guid: 88f2fd29f58b9734683512546acec310, type: 3}
      propertyPath: m_LocalRotation.w
      value: 0.8407949
      objectReference: {fileID: 0}
    - target: {fileID: 2222111361405018444, guid: 88f2fd29f58b9734683512546acec310, type: 3}
      propertyPath: m_LocalRotation.x
      value: -0
      objectReference: {fileID: 0}
    - target: {fileID: 2222111361405018444, guid: 88f2fd29f58b9734683512546acec310, type: 3}
      propertyPath: m_LocalRotation.y
      value: -0.54135376
      objectReference: {fileID: 0}
    - target: {fileID: 2222111361405018444, guid: 88f2fd29f58b9734683512546acec310, type: 3}
      propertyPath: m_LocalRotation.z
      value: -0
      objectReference: {fileID: 0}
    - target: {fileID: 2222111361405018444, guid: 88f2fd29f58b9734683512546acec310, type: 3}
      propertyPath: m_LocalEulerAnglesHint.x
      value: 0
      objectReference: {fileID: 0}
    - target: {fileID: 2222111361405018444, guid: 88f2fd29f58b9734683512546acec310, type: 3}
      propertyPath: m_LocalEulerAnglesHint.y
      value: -65.552
      objectReference: {fileID: 0}
    - target: {fileID: 2222111361405018444, guid: 88f2fd29f58b9734683512546acec310, type: 3}
      propertyPath: m_LocalEulerAnglesHint.z
      value: 0
      objectReference: {fileID: 0}
    m_RemovedComponents: []
  m_SourcePrefab: {fileID: 100100000, guid: 88f2fd29f58b9734683512546acec310, type: 3}
--- !u!4 &1979293643275074480 stripped
Transform:
  m_CorrespondingSourceObject: {fileID: 2222111361405018444, guid: 88f2fd29f58b9734683512546acec310, type: 3}
  m_PrefabInstance: {fileID: 405706143298394876}
  m_PrefabAsset: {fileID: 0}
